% ....názov súboru je: literatura.bib

@misc{PoE-offsite-game,
	title = "Path of Exile, game",
	howpublished = "\url{https://www.pathofexile.com/game/}",
}
@misc{PoE-offisite-classes,
	title = "Path of Exile fandom wiki, character class",
	howpublished = "\url{https://pathofexile.fandom.com/wiki/Character_class}",
}
@misc{PoE-skilltree,
	author = "Mitch Gassner",
	title = "Beginner's Guide To Path Of Exile",
	month = "Mar",
	year = "2021",
	howpublished = "\url{https://www.mmorpg.com/guides/beginners-guide-to-path-of-exile-2000121370}",
}
@misc{PoE-shop-stash-tabs,
	title = "Path of exile shop, stash tabs",
	howpublished = "\url{https://www.pathofexile.com/shop/category/stash-tabs}",
}
@study{Volitional-Vanity,
    author = " Singh Martinez and Mauricio and Tang, Sini",
    title = "Volitional Vanity A study on the players of Path of Exile and their premium purchases",
    month = "May",
    year = "2021",
}